<?xml version="1.0" encoding="UTF-8"?>
<record>
  <leader>01387naa a2200349 c 4500</leader>
  <controlfield tag="007">tu</controlfield>
  <controlfield tag="008">230602s2023    gw ||||| |||||||||| ger c</controlfield>
  <controlfield tag="003">DE-605</controlfield>
  <controlfield tag="005">20230602114354.0</controlfield>
  <controlfield tag="001">99372483173006441</controlfield>
  <datafield tag="040" ind1=" " ind2=" ">
    <subfield code="a">DE-6</subfield>
    <subfield code="c">DE-6</subfield>
    <subfield code="b">ger</subfield>
    <subfield code="e">rda</subfield>
    <subfield code="d">DE-6</subfield>
  </datafield>
  <datafield tag="041" ind1=" " ind2=" ">
    <subfield code="a">ger</subfield>
  </datafield>
  <datafield tag="044" ind1=" " ind2=" ">
    <subfield code="c">XA-DE</subfield>
  </datafield>
  <datafield tag="084" ind1=" " ind2=" ">
    <subfield code="a">Herne</subfield>
    <subfield code="0">https://nwbib.de/spatial#Q2904</subfield>
    <subfield code="2">nwbib</subfield>
  </datafield>
  <datafield tag="084" ind1=" " ind2=" ">
    <subfield code="a">Wanne-Eickel</subfield>
    <subfield code="0">https://nwbib.de/spatial#Q314234</subfield>
    <subfield code="2">nwbib</subfield>
  </datafield>
  <datafield tag="084" ind1=" " ind2=" ">
    <subfield code="a">Ortsnamen</subfield>
    <subfield code="0">https://nwbib.de/subjects#N746042</subfield>
    <subfield code="2">nwbib</subfield>
  </datafield>
  <datafield tag="100" ind1="1" ind2=" ">
    <subfield code="a">Grenz, Oliver</subfield>
    <subfield code="0">(DE-588)1291606084</subfield>
    <subfield code="4">aut</subfield>
  </datafield>
  <datafield tag="245" ind1="1" ind2="0">
    <subfield code="a">Herner Ortsnamen in Lexika und im Duden</subfield>
    <subfield code="c">Oliver Grenz</subfield>
  </datafield>
  <datafield tag="264" ind1=" " ind2="1">
    <subfield code="a">Herne</subfield>
    <subfield code="c">2023</subfield>
  </datafield>
  <datafield tag="300" ind1=" " ind2=" ">
    <subfield code="b">Illustrationen</subfield>
  </datafield>
  <datafield tag="336" ind1=" " ind2=" ">
    <subfield code="b">txt</subfield>
  </datafield>
  <datafield tag="337" ind1=" " ind2=" ">
    <subfield code="b">n</subfield>
  </datafield>
  <datafield tag="338" ind1=" " ind2=" ">
    <subfield code="b">nc</subfield>
  </datafield>
  <datafield tag="689" ind1="0" ind2="0">
    <subfield code="a">Herne</subfield>
    <subfield code="D">g</subfield>
    <subfield code="0">(DE-588)4024544-5</subfield>
  </datafield>
  <datafield tag="689" ind1="0" ind2="1">
    <subfield code="a">Wanne-Eickel</subfield>
    <subfield code="D">g</subfield>
    <subfield code="0">(DE-588)2027901-2</subfield>
  </datafield>
  <datafield tag="689" ind1="0" ind2="2">
    <subfield code="a">Ortsname</subfield>
    <subfield code="D">s</subfield>
    <subfield code="0">(DE-588)4043950-1</subfield>
  </datafield>
  <datafield tag="689" ind1="0" ind2="3">
    <subfield code="a">Duden Deutsches Universalwörterbuch</subfield>
    <subfield code="D">u</subfield>
    <subfield code="0">(DE-588)1083812203</subfield>
  </datafield>
  <datafield tag="689" ind1="0" ind2="4">
    <subfield code="a">Lexikon</subfield>
    <subfield code="D">s</subfield>
    <subfield code="0">(DE-588)4035549-4</subfield>
  </datafield>
  <datafield tag="960" ind1="1" ind2=" ">
    <subfield code="n">NWBib-6</subfield>
  </datafield>
  <datafield tag="773" ind1="0" ind2="8">
    <subfield code="i">Enthalten in</subfield>
    <subfield code="t">UFOs, Märchen und ein Mythos / herausgegeben im Auftrag der Gesellschaft für Heimatkunde Wanne-Eickel e.V. von Frank Sichau ; Redaktion: Joachim Wittkowski</subfield>
    <subfield code="d">Herne, 2023</subfield>
    <subfield code="g">Seite 117-120</subfield>
    <subfield code="k">&lt;&lt;Der&gt;&gt; Emscherbrücher ; Bd. 19 (2023/24)</subfield>
    <subfield code="z">9783936452273</subfield>
    <subfield code="w">(DE-605)HT030002215</subfield>
    <subfield code="9">978-3-936452-27-3</subfield>
  </datafield>
  <datafield tag="035" ind1=" " ind2=" ">
    <subfield code="a">(DE-605)HT030026397</subfield>
  </datafield>
  <datafield tag="035" ind1=" " ind2=" ">
    <subfield code="a">(DE-599)HBZHT030026397</subfield>
  </datafield>
  <datafield tag="MBD" ind1=" " ind2=" ">
    <subfield code="M">49HBZ_NETWORK</subfield>
    <subfield code="i">99372483173006441</subfield>
    <subfield code="n">HBZ Network</subfield>
  </datafield>
  <datafield tag="MNG" ind1=" " ind2=" ">
    <subfield code="c">System</subfield>
    <subfield code="f">49HBZ_NETWORK</subfield>
    <subfield code="i">marc21</subfield>
    <subfield code="k">01</subfield>
    <subfield code="e">false</subfield>
    <subfield code="d">2023-06-04 08:20:09 Europe/Berlin</subfield>
    <subfield code="g">99372483173006441</subfield>
    <subfield code="j">60</subfield>
    <subfield code="a">skuhn_01######49HBZ_ULM</subfield>
    <subfield code="b">2023-06-02 11:43:54 Europe/Berlin</subfield>
  </datafield>
</record>
